@misc{data,
  howpublished = "\url{http://media.jonasamrich.com/cvut/3/enwiki-99k-pd.zip}"
}