@misc{ghrepo,
  howpublished = "\url{https://github.com/JonasAmrich/psi-chi-squared}"
}