@article{mikolov2013efficient,
  title={Efficient Estimation of Word Representations in Vector Space},
  author={Mikolov, Tomas and Chen, Kai and Corrado, Greg and Dean, Jeffrey},
  journal={arXiv preprint arXiv:1301.3781},
  year={2013}
}
