@misc{wiki,
  howpublished = "\url{http://dumps.wikimedia.org/enwiki//20121101/}"
}